<record><leader>00000cas a2200000 a 4500</leader><controlfield tag="001">12263392</controlfield><controlfield tag="008">850715d19851993nyubr ne      0    0eng d</controlfield><datafield ind1=" " ind2=" " tag="010"><subfield code="a">sn 93063678 </subfield></datafield><datafield ind1=" " ind2=" " tag="040"><subfield code="a">ZQM</subfield><subfield code="b">eng</subfield><subfield code="c">ZQM</subfield><subfield code="d">NYS</subfield><subfield code="d">OCL</subfield><subfield code="d">OCLCQ</subfield><subfield code="d">OCLCF</subfield><subfield code="d">OCLCO</subfield></datafield><datafield ind1="1" ind2=" " tag="029"><subfield code="a">AU@</subfield><subfield code="b">000010674331</subfield></datafield><datafield ind1=" " ind2=" " tag="042"><subfield code="a">msc</subfield></datafield><datafield ind1=" " ind2=" " tag="043"><subfield code="a">n-us-ny</subfield></datafield><datafield ind1=" " ind2=" " tag="090"><subfield code="a">F116</subfield><subfield code="b">.C8</subfield></datafield><datafield ind1="0" ind2=" " tag="130"><subfield code="a">Current (Potsdam, N.Y.)</subfield></datafield><datafield ind1="1" ind2="0" tag="245"><subfield code="a">Current.</subfield></datafield><datafield ind1=" " ind2=" " tag="260"><subfield code="a">Potsdam, N.Y. :</subfield><subfield code="b">North Country Action,</subfield><subfield code="c">1985-1993.</subfield></datafield><datafield ind1=" " ind2=" " tag="300"><subfield code="a">7 v. ;</subfield><subfield code="c">58 x 38 cm., folded to 29 x 20 cm.</subfield></datafield><datafield ind1=" " ind2=" " tag="310"><subfield code="a">Bimonthly</subfield></datafield><datafield ind1="0" ind2=" " tag="362"><subfield code="a">Vol. 1, no. 1 (Apr. 1985)-v. 7, no. 6 (Jan. 1993).</subfield></datafield><datafield ind1=" " ind2=" " tag="500"><subfield code="a">"The journal of North Country Action."</subfield></datafield><datafield ind1=" " ind2=" " tag="500"><subfield code="a">Editor: 1985- Sanford Schram.</subfield></datafield><datafield ind1=" " ind2="0" tag="651"><subfield code="a">Potsdam (N.Y.)</subfield><subfield code="v">Newspapers.</subfield></datafield><datafield ind1=" " ind2="0" tag="651"><subfield code="a">Saint Lawrence County (N.Y.)</subfield><subfield code="v">Newspapers.</subfield></datafield><datafield ind1=" " ind2="0" tag="651"><subfield code="a">New York (State)</subfield><subfield code="v">Newspapers.</subfield></datafield><datafield ind1=" " ind2="7" tag="655"><subfield code="a">Newspapers.</subfield><subfield code="2">fast</subfield><subfield code="0">(OCoLC)fst01423814</subfield></datafield><datafield ind1=" " ind2="7" tag="651"><subfield code="a">New York (State)</subfield><subfield code="2">fast</subfield><subfield code="0">(OCoLC)fst01210280</subfield></datafield><datafield ind1=" " ind2="7" tag="651"><subfield code="a">New York (State)</subfield><subfield code="z">Potsdam.</subfield><subfield code="2">fast</subfield><subfield code="0">(OCoLC)fst01206106</subfield></datafield><datafield ind1=" " ind2="7" tag="651"><subfield code="a">New York (State)</subfield><subfield code="z">Saint Lawrence County.</subfield><subfield code="2">fast</subfield><subfield code="0">(OCoLC)fst01202920</subfield></datafield><datafield ind1="1" ind2=" " tag="700"><subfield code="a">Schram, Sanford.</subfield></datafield><datafield ind1="2" ind2=" " tag="710"><subfield code="a">North Country Action.</subfield></datafield><datafield ind1=" " ind2=" " tag="752"><subfield code="a">United States</subfield><subfield code="b">New York</subfield><subfield code="c">Saint Lawrence</subfield><subfield code="d">Potsdam.</subfield></datafield></record>